% Encoding: UTF-8

@Unpublished{Pick,
  author = {Pick, L. and Hencl, S. and Spurný, J. and Zelený, M.},
  title  = {Matematická analýza 1 (velmi předběžná verze)},
  note   = {Preprint available at \url{http://www.karlin.mff.cuni.cz/~pick/}},
  month  = apr,
  year   = {2019},
}

@Book{Sontag1998,
  title     = {Mathematical Control Theory},
  subtitle  = {Deterministic Finite Dimensional Systems},
  publisher = {Springer-Verlag New York},
  year      = {1998},
  author    = {Eduardo D. Sontag},
}

@Unpublished{Barto,
  author = {Libor Barto and Jiří Tůma},
  title  = {Lineární Algebra},
  note   = {Preprint available at \url{http://www.karlin.mff.cuni.cz/~barto/}},
  month  = may,
  year   = {2019},
}

@Comment{jabref-meta: databaseType:bibtex;}

%
%  An example of a bibliographical database for bibTeX
%
%  Recommended software for maintenance of *.bib files:
%    JabRef, http://jabref.sourceforge.net/
%
%  BEWARE:
%
%    *  If a name contains a capital letter, which must be kept such,
%       use curly brackets ({T}hailand, {HIV}).
%
%  ===========================================================================
